@article{aliasburying,
  author = {John Boyland},
  title = {Alias burying: Unique variables without destructive reads},
  journal = {Software: Practice and Experience},
  volume = {31},
  number = {6},
  publisher = {John Wiley & Sons, Ltd.},
  issn = {1097-024X},
  url = {http://dx.doi.org/10.1002/spe.370},
  doi = {10.1002/spe.370},
  pages = {533--553},
  keywords = {unshared, borrowed, compromise},
  year = {2001},
}

@incollection{capabilitiesforsharing,
  year = {2001},
  isbn = {978-3-540-42206-8},
  booktitle = {ECOOP 2001 -- Object-Oriented Programming},
  volume = {2072},
  series = {Lecture Notes in Computer Science},
  editor = {Knudsen, J{\o}rgenLindskov},
  doi = {10.1007/3-540-45337-7_2},
  title = {Capabilities for Sharing},
  url = {http://dx.doi.org/10.1007/3-540-45337-7_2},
  publisher = {Springer Berlin Heidelberg},
  author = {Boyland, John and Noble, James and Retert, William},
  pages = {2-27},
  language = {English},
}

@inproceedings{cycexperience,
  author = {Hicks, Michael and Morrisett, Greg and Grossman, Dan and Jim, Trevor},
  title = {Experience with Safe Manual Memory-management in Cyclone},
  booktitle = {Proceedings of the 4th International Symposium on Memory Management},
  series = {ISMM '04},
  year = {2004},
  isbn = {1-58113-945-4},
  location = {Vancouver, BC, Canada},
  pages = {73--84},
  numpages = {12},
  url = {http://doi.acm.org/10.1145/1029873.1029883},
  doi = {1029883},
  publisher = {ACM},
  address = {New York, NY, USA},
  keywords = {cyclone, memory management, memory safety, regions, unique pointers},
}

@incollection{externaluniqueness,
year={2003},
isbn={978-3-540-40531-3},
booktitle={ECOOP 2003 – Object-Oriented Programming},
volume={2743},
series={Lecture Notes in Computer Science},
editor={Cardelli, Luca},
doi={10.1007/978-3-540-45070-2_9},
title={External Uniqueness Is Unique Enough},
url={http://dx.doi.org/10.1007/978-3-540-45070-2_9},
publisher={Springer Berlin Heidelberg},
author={Clarke, Dave and Wrigstad, Tobias},
pages={176-200},
language={English}
}

@inproceedings{regionsandlinear,
 author = {Walker, David and Watkins, Kevin},
 title = {On Regions and Linear Types (Extended Abstract)},
 booktitle = {Proceedings of the Sixth ACM SIGPLAN International Conference on Functional Programming},
 series = {ICFP '01},
 year = {2001},
 isbn = {1-58113-415-0},
 location = {Florence, Italy},
 pages = {181--192},
 numpages = {12},
 url = {http://doi.acm.org/10.1145/507635.507658},
 doi = {10.1145/507635.507658},
 acmid = {507658},
 publisher = {ACM},
 address = {New York, NY, USA},
}

@TechReport{mlkit-4.3.0,
  author = {Mads Tofte and Lars Birkedal and Martin Elsman
	    and Niels Hallenberg and Tommy H{\o}jfeld Olesen and
	    Peter Sestoft},
  title = {Programming wth Regions in the {MLKit} (Revised for Version 4.3.0)},
  institution = {IT University of Copenhagen, Denmark},
  year = {2006},
  month = {January},
}

@article{cycregions,
    author = {Dan Grossman and Greg Morrisett and Trevor Jim and Michael Hicks 
	      and Yanling Wang and James Cheney},
    title = {Region-Based Memory Management in Cyclone},
    journal = {SIGPLAN Not.},
    issue_date = {May 2002},
    volume = {37},
    number = {5},
    month = may,
    year = {2002},
    issn = {0362-1340},
    pages = {282--293},
    numpages = {12},
    url = {http://doi.acm.org/10.1145/543552.512563},
    doi = {10.1145/543552.512563},
    acmid = {512563},
    publisher = {ACM},
    address = {New York, NY, USA},
}

@inproceedings{relyguarantee,
 author = {Gordon, Colin S. and Ernst, Michael D. and Grossman, Dan},
 title = {Rely-guarantee References for Refinement Types over Aliased Mutable Data},
 booktitle = {Proceedings of the 34th ACM SIGPLAN Conference on Programming Language Design and Implementation},
 series = {PLDI '13},
 year = {2013},
 isbn = {978-1-4503-2014-6},
 location = {Seattle, Washington, USA},
 pages = {73--84},
 numpages = {12},
 url = {http://doi.acm.org/10.1145/2491956.2462160},
 doi = {10.1145/2491956.2462160},
 acmid = {2462160},
 publisher = {ACM},
 address = {New York, NY, USA},
 keywords = {reference immutability, refinement types, rely-guarantee},
}

@article{cycsafe,
title = "Safe manual memory management in Cyclone ",
journal = "Science of Computer Programming ",
volume = "62",
number = "2",
pages = "122 - 144",
year = "2006",
note = "Special Issue: Five perspectives on modern memory management - Systems, hardware and theory ",
issn = "0167-6423",
doi = "http://dx.doi.org/10.1016/j.scico.2006.02.003",
url = "http://www.sciencedirect.com/science/article/pii/S0167642306000785",
author = "Nikhil Swamy and Michael Hicks and Greg Morrisett and Dan Grossman and Trevor Jim",
keywords = "Memory management",
keywords = "Unique pointers",
keywords = "Reference counting",
keywords = "Memory safety",
keywords = "Regions",
keywords = "Reaps",
keywords = "Cyclone "
}

@article{mlkitregions,
title = "Region-Based Memory Management ",
journal = "Information and Computation ",
volume = "132",
number = "2",
pages = "109 - 176",
year = "1997",
note = "",
issn = "0890-5401",
doi = "http://dx.doi.org/10.1006/inco.1996.2613",
url = "http://www.sciencedirect.com/science/article/pii/S0890540196926139",
author = "Mads Tofte and Jean-Pierre Talpin"
}

@article{uniqueandrefimm,
 author = {Gordon, Colin S. and Parkinson, Matthew J. and Parsons, Jared and Bromfield, Aleks and Duffy, Joe},
 title = {Uniqueness and Reference Immutability for Safe Parallelism},
 journal = {SIGPLAN Not.},
 issue_date = {October 2012},
 volume = {47},
 number = {10},
 month = oct,
 year = {2012},
 issn = {0362-1340},
 pages = {21--40},
 numpages = {20},
 url = {http://doi.acm.org/10.1145/2398857.2384619},
 doi = {10.1145/2398857.2384619},
 acmid = {2384619},
 publisher = {ACM},
 address = {New York, NY, USA},
 keywords = {concurrency, reference immutability, type systems, views},
}

@misc{rust,
  title = {{The Rust Programming Language}},
  howpublished = {\url{http://www.rust-lang.org}}
}

@incollection{ooimmutability,
  author = {Alex Potanin and Johan {\"O}stlund and Yoav Zibin and Michael D. Ernst},
  title = {Immutability},
  booktitle = {Aliasing in Object-Oriented Programming},
  series = {LNCS},
  volume = {7850},
  pages = {233-269},
  publisher = {Springer-Verlag},
  month = apr,
  year = {2013},
}

@incollection{existentials,
year={2002},
isbn={978-3-540-43363-7},
booktitle={Programming Languages and Systems},
volume={2305},
series={Lecture Notes in Computer Science},
editor={Le Métayer, Daniel},
doi={10.1007/3-540-45927-8_3},
title={Existential Types for Imperative Languages},
url={http://dx.doi.org/10.1007/3-540-45927-8_3},
publisher={Springer Berlin Heidelberg},
author={Grossman, Dan},
pages={21-35},
language={English}
}
